% references.bib - Bibliography for cosmology companion paper
@article{Karmiris2023a,
  author = {Karmiris, Panagiotis},
  title = {UV-Complete Quantum Gravity from Baryon-Triggered K-Particle Condensation: Theory, Observational Validation, and Experimental Predictions},
  journal = {Phys. Rev. D},
  volume = {108},
  pages = {123543},
  year = {2023},
  doi = {10.1103/PhysRevD.108.123543}
}

@article{Planck2018,
  author = {Planck Collaboration},
  title = {Planck 2018 results. VI. Cosmological parameters},
  journal = {Astron. Astrophys.},
  volume = {641},
  pages = {A6},
  year = {2020},
  doi = {10.1051/0004-6361/201833910}
}

@article{DESI2023,
  author = {DESI Collaboration},
  title = {DESI 2024 VI: Cosmological Constraints from the Measurements of Baryon Acoustic Oscillations},
  journal = {arXiv:2306.06317},
  year = {2023}
}

@article{DES2021,
  author = {DES Collaboration},
  title = {Dark Energy Survey Year 3 results: Cosmological constraints from galaxy clustering and weak lensing},
  journal = {Phys. Rev. D},
  volume = {105},
  pages = {023520},
  year = {2022},
  doi = {10.1103/PhysRevD.105.023520}
}

@book{Reuter2019,
  author = {Reuter, M. and Saueressig, F.},
  title = {Quantum Gravity and the Functional Renormalization Group},
  publisher = {Cambridge University Press},
  year = {2019}
}

@article{Bonanno2020,
  author = {Bonanno, A. and Eichhorn, A. and Pereira, A. D.},
  title = {The Asymptotically Safe Universe},
  journal = {Front. Phys.},
  volume = {8},
  pages = {269},
  year = {2020},
  doi = {10.3389/fphy.2020.00269}
}

@article{Hui2017,
  author = {Hui, L. and Ostriker, J. P. and Tremaine, S. and Witten, E.},
  title = {Ultralight scalars as cosmological dark matter},
  journal = {Phys. Rev. D},
  volume = {95},
  pages = {043541},
  year = {2017},
  doi = {10.1103/PhysRevD.95.043541}
}

@article{Ferreira2021,
  author = {Ferreira, E. G. M.},
  title = {Ultra-light dark matter},
  journal = {Astron. Astrophys. Rev.},
  volume = {29},
  pages = {7},
  year = {2021},
  doi = {10.1007/s00159-021-00135-6}
}

@article{Peebles2003,
  author = {Peebles, P. J. E. and Ratra, B.},
  title = {The cosmological constant and dark energy},
  journal = {Rev. Mod. Phys.},
  volume = {75},
  pages = {559},
  year = {2003},
  doi = {10.1103/RevModPhys.75.559}
}

@book{Weinberg2008,
  author = {Weinberg, S.},
  title = {Cosmology},
  publisher = {Oxford University Press},
  year = {2008}
}

@article{Riess2021,
  author = {Riess, A. G. and Casertano, S. and Yuan, W. and Macri, L. M. and Scolnic, D.},
  title = {Large Magellanic Cloud Cepheid Standards Provide a 1\% Foundation for the Determination of the Hubble Constant and Stronger Evidence for Physics Beyond ΛCDM},
  journal = {Astrophys. J.},
  volume = {876},
  pages = {85},
  year = {2019},
  doi = {10.3847/1538-4357/ab1422}
}

@article{DiValentino2021,
  author = {Di Valentino, E. and Mena, O. and Pan, S. and Visinelli, L. and Yang, W. and Melchiorri, A. and Mota, D. F. and Riess, A. G. and Silk, J.},
  title = {In the realm of the Hubble tension—a review of solutions},
  journal = {Class. Quantum Grav.},
  volume = {38},
  pages = {153001},
  year = {2021},
  doi = {10.1088/1361-6382/ac086d}
}

@article{Caldwell2002,
  author = {Caldwell, R. R. and Dave, R. and Steinhardt, P. J.},
  title = {Cosmological imprint of an energy component with general equation of state},
  journal = {Phys. Rev. Lett.},
  volume = {80},
  pages = {1582},
  year = {1998},
  doi = {10.1103/PhysRevLett.80.1582}
}

@article{Carroll2004,
  author = {Carroll, S. M. and Duvvuri, V. and Trodden, M. and Turner, M. S.},
  title = {Is cosmic speed-up due to new gravitational physics?},
  journal = {Phys. Rev. D},
  volume = {70},
  pages = {043528},
  year = {2004},
  doi = {10.1103/PhysRevD.70.043528}
}

@article{Copeland2006,
  author = {Copeland, E. J. and Sami, M. and Tsujikawa, S.},
  title = {Dynamics of dark energy},
  journal = {Int. J. Mod. Phys. D},
  volume = {15},
  pages = {1753},
  year = {2006},
  doi = {10.1142/S021827180600942X}
}

@book{Will2018,
  author = {Will, C. M.},
  title = {Theory and Experiment in Gravitational Physics},
  publisher = {Cambridge University Press},
  year = {2018}
}

@article{Clifton2012,
  author = {Clifton, T. and Ferreira, P. G. and Padilla, A. and Skordis, C.},
  title = {Modified Gravity and Cosmology},
  journal = {Phys. Rep.},
  volume = {513},
  pages = {1},
  year = {2012},
  doi = {10.1016/j.physrep.2012.01.001}
}

@article{Blas2011,
  author = {Blas, D. and Lesgourgues, J. and Tram, T.},
  title = {The Cosmic Linear Anisotropy Solving System (CLASS) II: Approximation schemes},
  journal = {JCAP},
  volume = {2011},
  number = {07},
  pages = {034},
  year = {2011},
  doi = {10.1088/1475-7516/2011/07/034}
}

@article{CMBS4_2019,
  author = {CMB-S4 Collaboration},
  title = {CMB-S4 Science Book, First Edition},
  journal = {arXiv:1610.02743},
  year = {2016}
}

@article{LiteBIRD2023,
  author = {LiteBIRD Collaboration},
  title = {LiteBIRD: A Satellite for the Studies of B-Mode Polarization and Inflation from Cosmic Background Radiation Detection},
  journal = {J. Low Temp. Phys.},
  volume = {176},
  pages = {733},
  year = {2014},
  doi = {10.1007/s10909-013-0996-1}
}

@article{Touboul2022,
  author = {Touboul, P. and Métris, G. and Rodrigues, M. and André, Y. and Baghi, Q. and Bergé, J. and Boulanger, D. and Bremer, S. and Carle, P. and Chhun, R. and others},
  title = {MICROSCOPE mission: final results of the test of the equivalence principle},
  journal = {Phys. Rev. Lett.},
  volume = {129},
  pages = {121102},
  year = {2022},
  doi = {10.1103/PhysRevLett.129.121102}
}

@article{Battelier2021,
  author = {Battelier, B. and Bergé, J. and Bertoldi, A. and Blanchet, L. and Bongs, K. and Bouyer, P. and Braxmaier, C. and Calonico, D. and Fayet, P. and Gaaloul, N. and others},
  title = {Exploring the foundations of the physical universe with space tests of the equivalence principle},
  journal = {Exp. Astron.},
  volume = {51},
  pages = {1695},
  year = {2021},
  doi = {10.1007/s10686-021-09718-8}
}

@article{KiDS2020,
  author = {KiDS Collaboration},
  title = {KiDS-1000 Cosmology: Cosmic shear constraints and comparison between two point statistics},
  journal = {Astron. Astrophys.},
  volume = {645},
  pages = {A104},
  year = {2021},
  doi = {10.1051/0004-6361/202039070}
}

@article{DES2022,
  author = {DES Collaboration},
  title = {Dark Energy Survey Year 3 results: Cosmological constraints from galaxy clustering and weak lensing},
  journal = {Phys. Rev. D},
  volume = {105},
  pages = {023520},
  year = {2022},
  doi = {10.1103/PhysRevD.105.023520}
}

@article{Giannantonio2016,
  author = {Giannantonio, T. and Crittenden, R. and Nichol, R. and Ross, A. J. and Samushia, L. and Burrage, C. and Pourtsidou, A.},
  title = {The significance of the integrated Sachs-Wolfe effect revisited},
  journal = {Mon. Not. R. Astron. Soc.},
  volume = {456},
  pages = {3213},
  year = {2016},
  doi = {10.1093/mnras/stv2878}
}